@inproceedings{watkins2013using,
  title={Using network traffic to remotely identify the type of applications executing on mobile devices},
  author={Watkins, Lanier and Corbett, Cherita and Salazar, Benjamin and Fairbanks, Kevin and Robinson, William H},
  booktitle={The Proceedings of IEEE Mobile Security Technologies (MoST)},
  year={2013}
}
@article{rahaman2018spectral,
  title={On the spectral bias of neural networks},
  author={Rahaman, Nasim and Baratin, Aristide and Arpit, Devansh and Draxler, Felix and Lin, Min and Hamprecht, Fred A and Bengio, Yoshua and Courville, Aaron},
  journal={arXiv preprint arXiv:1806.08734},
  year={2018}
}
@article{candes1999harmonic,
  title={Harmonic analysis of neural networks},
  author={Cand{\`e}s, Emmanuel J},
  journal={Applied and Computational Harmonic Analysis},
  volume={6},
  number={2},
  pages={197--218},
  year={1999},
  publisher={Elsevier}
}
@inproceedings{watkins2018network,
  title={Network-based detection of mobile malware exhibiting obfuscated or silent network behavior},
  author={Watkins, Lanier and Kalathummarath, Amritha Lal and Robinson, William H},
  booktitle={2018 15th IEEE Annual Consumer Communications \& Networking Conference (CCNC)},
  pages={1--4},
  year={2018},
  organization={IEEE}
}
@inproceedings{pratt2017fcnn,
  title={Fcnn: Fourier convolutional neural networks},
  author={Pratt, Harry and Williams, Bryan and Coenen, Frans and Zheng, Yalin},
  booktitle={Joint European Conference on Machine Learning and Knowledge Discovery in Databases},
  pages={786--798},
  year={2017},
  organization={Springer}
}
@article{trabelsi2017deep,
  title={Deep complex networks},
  author={Trabelsi, Chiheb and Bilaniuk, Olexa and Zhang, Ying and Serdyuk, Dmitriy and Subramanian, Sandeep and Santos, Jo{\~a}o Felipe and Mehri, Soroush and Rostamzadeh, Negar and Bengio, Yoshua and Pal, Christopher J},
  journal={arXiv preprint arXiv:1705.09792},
  year={2017}
}
@book{goodfellow2016deep,
  title={Deep learning},
  author={Goodfellow, Ian and Bengio, Yoshua and Courville, Aaron},
  year={2016},
  publisher={MIT press}
}
@inproceedings{raff2018malware,
  title={Malware detection by eating a whole exe},
  author={Raff, Edward and Barker, Jon and Sylvester, Jared and Brandon, Robert and Catanzaro, Bryan and Nicholas, Charles K},
  booktitle={Workshops at the Thirty-Second AAAI Conference on Artificial Intelligence},
  year={2018}
}
@misc{seals2019threatlist,
  title={1.7M is the Average Cost of a Cyber-Attack},
  author={Seals, Tara},
  year={2019},
  publisher={threatpost}
}
@inproceedings{galinkin2019future,
  title={The Future of Cyber Attacks and Defense is in the Cloud},
  author={Galinkin, Erick and Hwong, Jenko and Singh, Abhinav and Estep, Colin and Vamshi, Ashwin and Canzanese, Ray},
  booktitle={2019 14th International Conference on Malicious and Unwanted Software},
  year={2019},
  organization={IEEE}
}
@article{scikit-learn,
 title={Scikit-learn: Machine Learning in {P}ython},
 author={Pedregosa, F. and Varoquaux, G. and Gramfort, A. and Michel, V.
         and Thirion, B. and Grisel, O. and Blondel, M. and Prettenhofer, P.
         and Weiss, R. and Dubourg, V. and Vanderplas, J. and Passos, A. and
         Cournapeau, D. and Brucher, M. and Perrot, M. and Duchesnay, E.},
 journal={Journal of Machine Learning Research},
 volume={12},
 pages={2825--2830},
 year={2011}
}
@inproceedings{galinkin2019shape,
  title={What is the Shape of an Executable?},
  author={Galinkin, Erick},
  booktitle={Conference on Applied Machine Learning in Information Security},
  year={2019}
}
@article{chakraborty2019surreal,
  title={Surreal: Complex-Valued Deep Learning as Principled Transformations on a Rotational Lie Group},
  author={Chakraborty, Rudrasis and Xing, Yifei and Yu, Stella},
  journal={arXiv preprint arXiv:1910.11334},
  year={2019}
}
@Inbook{pennec2013information,
author="Pennec, Xavier
and Arsigny, Vincent",
editor="Nielsen, Frank
and Bhatia, Rajendra",
title="Exponential Barycenters of the Canonical Cartan Connection and Invariant Means on Lie Groups",
bookTitle="Matrix Information Geometry",
year="2013",
publisher="Springer Berlin Heidelberg",
address="Berlin, Heidelberg",
pages="123--166",
isbn="978-3-642-30232-9",
doi="10.1007/978-3-642-30232-9_7",
url="https://doi.org/10.1007/978-3-642-30232-9_7"
}
@book{hastie01statisticallearning,
  added-at = {2008-05-16T16:17:42.000+0200},
  address = {New York, NY, USA},
  author = {Hastie, Trevor and Tibshirani, Robert and Friedman, Jerome},
  biburl = {https://www.bibsonomy.org/bibtex/2f58afc5c9793fcc8ad8389824e57984c/sb3000},
  interhash = {d585aea274f2b9b228fc1629bc273644},
  intrahash = {f58afc5c9793fcc8ad8389824e57984c},
  keywords = {ml statistics},
  publisher = {Springer New York Inc.},
  series = {Springer Series in Statistics},
  timestamp = {2008-05-16T16:17:43.000+0200},
  title = {The Elements of Statistical Learning},
  year = 2001
}
@book{james14introduction,
 author = {James, Gareth and Witten, Daniela and Hastie, Trevor and Tibshirani, Robert},
 title = {An Introduction to Statistical Learning: With Applications in R},
 year = {2014},
 isbn = {1461471370, 9781461471370},
 publisher = {Springer Publishing Company, Incorporated},
}
@techreport{krizhevsky2009learning,
  title={Learning multiple layers of features from tiny images},
  author={Krizhevsky, Alex and Hinton, Geoffrey and others},
  year={2009},
  institution={Citeseer}
}
@article{highlander2016very,
  title={Very efficient training of convolutional neural networks using fast fourier transform and overlap-and-add},
  author={Highlander, Tyler and Rodriguez, Andres},
  journal={arXiv preprint arXiv:1601.06815},
  year={2016}
}
@article{osowski2002fourier,
  title={Fourier and wavelet descriptors for shape recognition using neural networks—a comparative study},
  author={Osowski, Stanislaw and others},
  journal={Pattern Recognition},
  volume={35},
  number={9},
  pages={1949--1957},
  year={2002},
  publisher={Elsevier}
}
@InProceedings{ferenc2018inverse,
author="Weisz, Ferenc",
editor="Moreno-D{\'i}az, Roberto
and Pichler, Franz
and Quesada-Arencibia, Alexis",
title="The Inverse of the Continuous Wavelet Transform",
booktitle="Computer Aided Systems Theory -- EUROCAST 2017",
year="2018",
publisher="Springer International Publishing",
address="Cham",
pages="246--253",
abstract="In this paper we summarize some recent results about the convergence of the inverse of the continuous wavelet transform.",
isbn="978-3-319-74727-9"
}
@article{fujieda2017wavelet,
  title={Wavelet convolutional neural networks for texture classification},
  author={Fujieda, Shin and Takayama, Kohei and Hachisuka, Toshiya},
  journal={arXiv preprint arXiv:1707.07394},
  year={2017}
}
@article{ulicny2018harmonic,
  title={Harmonic Networks: Integrating Spectral Information into CNNs},
  author={Ulicny, Matej and Krylov, Vladimir A and Dahyot, Rozenn},
  journal={arXiv preprint arXiv:1812.03205},
  year={2018}
}
@article{lecun1998mnist,
author="LECUN, Y.",
title="THE MNIST DATABASE of handwritten digits",
journal="http://yann.lecun.com/exdb/mnist/",
year="1998",
URL="http://yann.lecun.com/exdb/mnist/",
}
@article{kraskov2004estimating,
   title={Estimating mutual information},
   volume={69},
   ISSN={1550-2376},
   url={http://dx.doi.org/10.1103/PhysRevE.69.066138},
   DOI={10.1103/physreve.69.066138},
   number={6},
   journal={Physical Review E},
   publisher={American Physical Society (APS)},
   author={Kraskov, Alexander and Stögbauer, Harald and Grassberger, Peter},
   year={2004},
   month={Jun}
}
@book{coverthomas2006,
author = {Cover, Thomas M. and Thomas, Joy A.},
title = {Elements of Information Theory (Wiley Series in Telecommunications and Signal Processing)},
year = {2006},
isbn = {0471241954},
publisher = {Wiley-Interscience},
address = {USA}
}